%
% File - thesis.bib
%
%
% Description:
% This file should contain all of your bib tex thesis references.
%
%
% The first entry is an example.
%
%
@article{label,
author = "Author, Initial. and Initials Author",
title = "Article Title",
journal = "Journal Name",
volume = "Volume Number",
year = "Year",
pages = "pg-pg"
}
